<?xml version="1.0" encoding="UTF-8"?><collection xmlns="http://www.loc.gov/MARC21/slim"><record><leader>00407nam--2200133-i-4500</leader><controlfield tag="001">000018520</controlfield><controlfield tag="002">20161230</controlfield><controlfield tag="005">20161230201032</controlfield><controlfield tag="008">060222s1000------------r-----000-0-eng-d</controlfield><datafield ind1=" " ind2=" " tag="245"><subfield code="a">Foundations of future electronics</subfield></datafield><datafield ind1=" " ind2=" " tag="260"><subfield code="a">New York, Mcgraw-hill Book Co, Inc., 1961. Ix + 514 P</subfield></datafield><datafield ind1=" " ind2=" " tag="490"><subfield code="a">University Of California Engineering And Sciences Extension Series</subfield></datafield><datafield ind1=" " ind2=" " tag="700"><subfield code="a">Langmuir,David B</subfield></datafield><datafield ind1=" " ind2=" " tag="852"><subfield code="a">17060</subfield></datafield></record></collection>